<?xml version="1.0" encoding="UTF-8"?>
<record xmlns="http://www.loc.gov/MARC21/slim">
   <leader>01712cas a22004817a 4500</leader>
   <controlfield tag="001">000008934473</controlfield>
   <controlfield tag="003">CaOOAMICUS</controlfield>
   <controlfield tag="005">20100506140917.0</controlfield>
   <controlfield tag="008">890807d19891994abcqr4p   b  s0   a0eng  </controlfield>
   <datafield tag="010" ind1=" " ind2=" ">
      <subfield code="a">cn 89082996 </subfield>
   </datafield>
   <datafield tag="016" ind1=" " ind2=" ">
      <subfield code="a"> 890829969  </subfield>
   </datafield>
   <datafield tag="022" ind1="0" ind2=" ">
      <subfield code="a">0846-4855</subfield>
   </datafield>
   <datafield tag="035" ind1=" " ind2=" ">
      <subfield code="a">(OCoLC)ocm20614192 </subfield>
   </datafield>
   <datafield tag="035" ind1=" " ind2=" ">
      <subfield code="a">(OCoLC)ocm20614192 </subfield>
   </datafield>
   <datafield tag="035" ind1=" " ind2=" ">
      <subfield code="a">(OCoLC)ocm20614192 </subfield>
   </datafield>
   <datafield tag="035" ind1=" " ind2=" ">
      <subfield code="a">(OCoLC)ocm20614192 </subfield>
   </datafield>
   <datafield tag="040" ind1=" " ind2=" ">
      <subfield code="a">CaOONL</subfield>
      <subfield code="b">eng</subfield>
      <subfield code="c">CaOONL</subfield>
      <subfield code="d">CaOONL</subfield>
   </datafield>
   <datafield tag="042" ind1=" " ind2=" ">
      <subfield code="a">nlc</subfield>
      <subfield code="a">isds/c</subfield>
   </datafield>
   <datafield tag="043" ind1=" " ind2=" ">
      <subfield code="a">n-cn-ab</subfield>
   </datafield>
   <datafield tag="082" ind1="0" ind2=" ">
      <subfield code="a">354.71230087/5</subfield>
      <subfield code="2">19</subfield>
   </datafield>
   <datafield tag="210" ind1="0" ind2=" ">
      <subfield code="a">Transearch</subfield>
   </datafield>
   <datafield tag="222" ind1=" " ind2="0">
      <subfield code="a">Transearch</subfield>
   </datafield>
   <datafield tag="240" ind1="0" ind2="0">
      <subfield code="a">Transearch : / a Research and Development technical publication.</subfield>
   </datafield>
   <datafield tag="245" ind1="0" ind2="0">
      <subfield code="a">Transearch : a Research and Development technical publication / Vol. 1 No. 4</subfield>
      <subfield code="b">a Research and Development technical publication.</subfield>
   </datafield>
   <datafield tag="260" ind1=" " ind2=" ">
      <subfield code="a">[Edmonton] :</subfield>
      <subfield code="b">Alberta Transportation and Utilities,</subfield>
      <subfield code="c">1989-[1994?]</subfield>
   </datafield>
   <datafield tag="300" ind1=" " ind2=" ">
      <subfield code="a">v. :</subfield>
      <subfield code="b">ill. (some col.) ;</subfield>
      <subfield code="c">28 cm.</subfield>
   </datafield>
   <datafield tag="310" ind1=" " ind2=" ">
      <subfield code="a">Quarterly</subfield>
   </datafield>
   <datafield tag="362" ind1="0" ind2=" ">
      <subfield code="a">Vol. 1, no. 1 (Jan. 1989)-</subfield>
   </datafield>
   <datafield tag="362" ind1="1" ind2=" ">
      <subfield code="a">Ceased with v. 6, no. 3 (Dec. 1994)?</subfield>
   </datafield>
   <datafield tag="500" ind1=" " ind2=" ">
      <subfield code="a">Title from caption.</subfield>
   </datafield>
   <datafield tag="500" ind1=" " ind2=" ">
      <subfield code="a">At head of title: Transportation research.</subfield>
   </datafield>
   <datafield tag="504" ind1=" " ind2=" ">
      <subfield code="a">Includes bibliographic references.</subfield>
   </datafield>
   <datafield tag="710" ind1="1" ind2=" ">
      <subfield code="a">Alberta.</subfield>
      <subfield code="b">Alberta Transportation and Utilities.</subfield>
      <subfield code="b">Research and Development.</subfield>
   </datafield>
   <datafield tag="852" ind1=" " ind2=" ">
      <subfield code="9">1</subfield>
      <subfield code="a">CaACU</subfield>
      <subfield code="h">TA1001 .T73 PERIODICAL</subfield>
      <subfield code="z">ILL: n.s.</subfield>
   </datafield>
   <datafield tag="852" ind1=" " ind2=" ">
      <subfield code="9">2</subfield>
      <subfield code="a">CaOONL</subfield>
      <subfield code="z">ILL: no</subfield>
   </datafield>
   <datafield tag="866" ind1=" " ind2="0">
      <subfield code="9">2</subfield>
      <subfield code="a">1-6no.2 1989-94</subfield>
   </datafield>
   <datafield tag="910" ind1="1" ind2=" ">
      <subfield code="a">Alberta.</subfield>
      <subfield code="b">Alberta Transportation and Utilities.</subfield>
      <subfield code="b">Research and Development Branch.</subfield>
   </datafield>
   <datafield tag="910" ind1="1" ind2=" ">
      <subfield code="a">Alberta.</subfield>
      <subfield code="b">Alberta Transportation and Utilities.</subfield>
      <subfield code="b">Research &amp; Development.</subfield>
   </datafield>
   <datafield tag="910" ind1="1" ind2=" ">
      <subfield code="a">Alberta.</subfield>
      <subfield code="b">Alberta Transportation and Utilities.</subfield>
      <subfield code="b">Research &amp; Development Branch.</subfield>
   </datafield>
   <datafield tag="910" ind1="2" ind2=" ">
      <subfield code="a">ATRD.</subfield>
   </datafield>
   <datafield tag="990" ind1="1" ind2="0">
      <subfield code="a">91001abb</subfield>
      <subfield code="b">71001abb</subfield>
   </datafield>
   <datafield tag="990" ind1="1" ind2="0">
      <subfield code="a">91002abb</subfield>
      <subfield code="b">71001abb</subfield>
   </datafield>
   <datafield tag="990" ind1="1" ind2="0">
      <subfield code="a">91003abb</subfield>
      <subfield code="b">71001abb</subfield>
   </datafield>
   <datafield tag="990" ind1="1" ind2="0">
      <subfield code="a">91004a</subfield>
      <subfield code="b">71001abb</subfield>
   </datafield>
</record>
